@misc{plain: bbcfood,
titile = "BBC Food",
publisher            ="http://www.bbc.co.uk/food/recipes/"
};

@misc{plain: recipeZaar,
title = "Recipe Zaar",
publisher = "https://RecipeZaar.com"
};

@misc{plain: superCook,
title = "Super Cook",
publisher = "https://Supercook.com"
};

@misc{plain:allRecipes,
title = "All Recipes",
publisher = "http://allrecipes.com"
};

@misc{plain:jamieOliver,
title = "Jamie Oliver",
publisher = "http://www.jamieoliver.com"
%date:23rd March 2010
};

@article{plain: snowLeopard,
auther = "Brian X. Chen",
title = "Apple’s Snow Leopard Is Less Secure Than Windows, But Safer",
year = "2009",
publisher = "http://www.wired.com/gadgetlab/2009/09/security-snow-leopard/"
};

@manual{plain: consOfOS,
auther = "Mike",
title = "The Pros and Cons of Linux, Windows, and OSX",
year = "2008",
publisher = "http://packratstudios.com/index.php/2008/04/06/the-pros-and-cons-of-linux-windows-and-osx/"
};

@misc{plain:ruby,
title = "Ruby on rails FAQ",
publisher = " http://www.hosting.com/support/rubyonrails/faq/"
};

@misc{plain:browserStats,
title = "Web Statistics and Trends",
publisher = "http://www.w3schools.com/browsers/browsers_stats.asp"
};

@misc{plain:w3,
title = "World Wide Web Consortium",
publisher = "http;//www.w3.org"
};

@misc{plain:w3validator,
title = "World Wide Web Consortium Validator",
publisher = "http;//validator.w3.org"
};

@manual{plain:cfrs,
auther = "Schafer J.B., Frankowski D., Herlocker J., Sen S.",
title = "Collaborative Filtering Recommender Sytems"
};

@article{plain:UseCF,
auther = "Goldberg D., Nichols D.,Oki B.M.,Terry D.",
title = "Using Collaborate Filtering To Weave An Information Tapestry",
journal = "Communication of the ACM",
year = "1992",
pages = "61-70"
};

@inbook{plain:cfAlgorithms,
auther = "Sarwar B., Karypis G., Konstan J.A., Riedl J.",
title = "Item-based Collaborative Filtering Recommendation Algorithms ",
journal = "Proceedings of the 10th international conference on World Wide Web",
year = "2001",
publisher = "Hong Kong. ACM Press",
pages = "285-295"
};

@article{plain:cfModels'
auther = "Hoffmann T.",
title = "Latent Semantic Models for Collaborative Filtering",
journal = "ACM Transactions on Information Systems",
year = "2004"
};

@article{plain:svdBasedAlgorithm,
auther = "Sarwar B., Karypis G., Konstan J.A., Riedl J."
title = "Incremental SVD-Based Alogorithms for Highly Scaleable Recommender Systems"
journal = "Proceedings of the Fifth International Conference on Computer and Information Technology",
year = "2002"
};

@misc{plain:bbcNews,
auther = "BBC News Online",
title = "Sony Admits Using Fake Reviewer",
date = "June 4, 2001",
publisher = "https://news.bbc.co.uk/1/hi/entertainment/film/1368666.stm"
};

@misc{plain:colorOrange,
auther = "Jacci Howard Bear",
title = "Orange",
publisher = "http://desktoppub.about.com/cs/colorselection/p/orange.htm"
};

@misc{plain:djangoDoc,
title = "Django Document",
publisher = "http://docs.djangoproject.com/en/dev/misc/design-philosophies/"
};

@misc{plain"djangoTem,
title = "Django Templates",
publisher = "http://docs.djangoproject.com/en/dev/topics/templates/"
};



